%YAML 1.1
%TAG !u! tag:unity3d.com,2011:
--- !u!114 &-9205964366699202674
MonoBehaviour:
  m_ObjectHideFlags: 0
  m_CorrespondingSourceObject: {fileID: 0}
  m_PrefabInstance: {fileID: 0}
  m_PrefabAsset: {fileID: 0}
  m_GameObject: {fileID: 0}
  m_Enabled: 1
  m_EditorHideFlags: 0
  m_Script: {fileID: 11500000, guid: afb5496e8cd973748a10b3e3ef436ebd, type: 3}
  m_Name: Repeat
  m_EditorClassIdentifier: 
  state: 0
  started: 0
  guid: e110099ece95cd14ea851966e591bd6e
  position: {x: 0, y: 125}
  blackboard:
    moveToPosition: {x: 0, y: 0, z: 0}
  description: 
  drawGizmos: 0
  child: {fileID: 2981071879919856281}
  restartOnSuccess: 1
  restartOnFailure: 1
--- !u!114 &-7723853826803738572
MonoBehaviour:
  m_ObjectHideFlags: 0
  m_CorrespondingSourceObject: {fileID: 0}
  m_PrefabInstance: {fileID: 0}
  m_PrefabAsset: {fileID: 0}
  m_GameObject: {fileID: 0}
  m_Enabled: 1
  m_EditorHideFlags: 0
  m_Script: {fileID: 11500000, guid: b0a055ff4bd9e6642b3f0dff32a86e1d, type: 3}
  m_Name: RandomPosition
  m_EditorClassIdentifier: 
  state: 0
  started: 0
  guid: b68ec449458e66645a48897e83700e8d
  position: {x: -265.48032, y: 385.18857}
  blackboard:
    moveToPosition: {x: 0, y: 0, z: 0}
  description: 
  drawGizmos: 0
  min: {x: -28.72, y: 10}
  max: {x: -32.39, y: 15}
--- !u!114 &-6511531225586358774
MonoBehaviour:
  m_ObjectHideFlags: 0
  m_CorrespondingSourceObject: {fileID: 0}
  m_PrefabInstance: {fileID: 0}
  m_PrefabAsset: {fileID: 0}
  m_GameObject: {fileID: 0}
  m_Enabled: 1
  m_EditorHideFlags: 0
  m_Script: {fileID: 11500000, guid: 163c147d123e4a945b688eddc64e3ea5, type: 3}
  m_Name: RootNode
  m_EditorClassIdentifier: 
  state: 0
  started: 0
  guid: 63c2010e886829a419d595ac40eb4a76
  position: {x: 0, y: 0}
  blackboard:
    moveToPosition: {x: 0, y: 0, z: 0}
  description: 
  drawGizmos: 0
  child: {fileID: -9205964366699202674}
--- !u!114 &11400000
MonoBehaviour:
  m_ObjectHideFlags: 0
  m_CorrespondingSourceObject: {fileID: 0}
  m_PrefabInstance: {fileID: 0}
  m_PrefabAsset: {fileID: 0}
  m_GameObject: {fileID: 0}
  m_Enabled: 1
  m_EditorHideFlags: 0
  m_Script: {fileID: 11500000, guid: 2d285eb63c2cdd74180de7cfceaa96ad, type: 3}
  m_Name: Ghost1_10
  m_EditorClassIdentifier: 
  rootNode: {fileID: -6511531225586358774}
  treeState: 0
  nodes:
  - {fileID: -6511531225586358774}
  - {fileID: -9205964366699202674}
  - {fileID: 2981071879919856281}
  - {fileID: -7723853826803738572}
  - {fileID: 4066902106120616165}
  - {fileID: 1397199478463098967}
  - {fileID: 7096020857443822184}
  blackboard:
    moveToPosition: {x: 0, y: 0, z: 0}
--- !u!114 &1397199478463098967
MonoBehaviour:
  m_ObjectHideFlags: 0
  m_CorrespondingSourceObject: {fileID: 0}
  m_PrefabInstance: {fileID: 0}
  m_PrefabAsset: {fileID: 0}
  m_GameObject: {fileID: 0}
  m_Enabled: 1
  m_EditorHideFlags: 0
  m_Script: {fileID: 11500000, guid: 4489e3e257543504c8fc9f891246af6c, type: 3}
  m_Name: MoveToPosition
  m_EditorClassIdentifier: 
  state: 0
  started: 0
  guid: d7f16bbfefbe7ef4a89c9b0fe56473df
  position: {x: 202, y: 482}
  blackboard:
    moveToPosition: {x: 0, y: 0, z: 0}
  description: 
  drawGizmos: 0
  speed: 6
  stoppingDistance: 0.1
  updateRotation: 1
  acceleration: 40
  tolerance: 1
--- !u!114 &2981071879919856281
MonoBehaviour:
  m_ObjectHideFlags: 0
  m_CorrespondingSourceObject: {fileID: 0}
  m_PrefabInstance: {fileID: 0}
  m_PrefabAsset: {fileID: 0}
  m_GameObject: {fileID: 0}
  m_Enabled: 1
  m_EditorHideFlags: 0
  m_Script: {fileID: 11500000, guid: 61431bba79d7d7843b82bf1de71703f5, type: 3}
  m_Name: Sequencer
  m_EditorClassIdentifier: 
  state: 0
  started: 0
  guid: 92371d2dba2809945853cb234b5e16a8
  position: {x: 0, y: 270}
  blackboard:
    moveToPosition: {x: 0, y: 0, z: 0}
  description: 
  drawGizmos: 0
  children:
  - {fileID: -7723853826803738572}
  - {fileID: 7096020857443822184}
  - {fileID: 1397199478463098967}
  - {fileID: 4066902106120616165}
--- !u!114 &4066902106120616165
MonoBehaviour:
  m_ObjectHideFlags: 0
  m_CorrespondingSourceObject: {fileID: 0}
  m_PrefabInstance: {fileID: 0}
  m_PrefabAsset: {fileID: 0}
  m_GameObject: {fileID: 0}
  m_Enabled: 1
  m_EditorHideFlags: 0
  m_Script: {fileID: 11500000, guid: 1a5134d9de14153468b48928d3e7359a, type: 3}
  m_Name: Wait
  m_EditorClassIdentifier: 
  state: 0
  started: 0
  guid: 81fd6a2660cbd91459a681cbec462b0f
  position: {x: 361.71997, y: 418}
  blackboard:
    moveToPosition: {x: 0, y: 0, z: 0}
  description: 
  drawGizmos: 0
  duration: 1
--- !u!114 &7096020857443822184
MonoBehaviour:
  m_ObjectHideFlags: 0
  m_CorrespondingSourceObject: {fileID: 0}
  m_PrefabInstance: {fileID: 0}
  m_PrefabAsset: {fileID: 0}
  m_GameObject: {fileID: 0}
  m_Enabled: 1
  m_EditorHideFlags: 0
  m_Script: {fileID: 11500000, guid: 1a5134d9de14153468b48928d3e7359a, type: 3}
  m_Name: Wait
  m_EditorClassIdentifier: 
  state: 0
  started: 0
  guid: 6c97b9744fd159b4a8bb080a23eb7be8
  position: {x: -165, y: 498}
  blackboard:
    moveToPosition: {x: 0, y: 0, z: 0}
  description: 
  drawGizmos: 0
  duration: 0.5
