%YAML 1.1
%TAG !u! tag:unity3d.com,2011:
--- !u!114 &-8341609025097383605
MonoBehaviour:
  m_ObjectHideFlags: 0
  m_CorrespondingSourceObject: {fileID: 0}
  m_PrefabInstance: {fileID: 0}
  m_PrefabAsset: {fileID: 0}
  m_GameObject: {fileID: 0}
  m_Enabled: 1
  m_EditorHideFlags: 0
  m_Script: {fileID: 11500000, guid: 1a5134d9de14153468b48928d3e7359a, type: 3}
  m_Name: Wait
  m_EditorClassIdentifier: 
  state: 0
  started: 0
  guid: 822b18db224b8c245a37aa9976f0ae30
  position: {x: 233, y: 340}
  blackboard:
    moveToPosition: {x: 0, y: 0, z: 0}
  description: 
  drawGizmos: 0
  duration: 1
--- !u!114 &-7512860143812461770
MonoBehaviour:
  m_ObjectHideFlags: 0
  m_CorrespondingSourceObject: {fileID: 0}
  m_PrefabInstance: {fileID: 0}
  m_PrefabAsset: {fileID: 0}
  m_GameObject: {fileID: 0}
  m_Enabled: 1
  m_EditorHideFlags: 0
  m_Script: {fileID: 11500000, guid: 61431bba79d7d7843b82bf1de71703f5, type: 3}
  m_Name: Sequencer
  m_EditorClassIdentifier: 
  state: 0
  started: 0
  guid: 13b578685d795574eae6435ef7f0d98e
  position: {x: 0, y: 203}
  blackboard:
    moveToPosition: {x: 0, y: 0, z: 0}
  description: 
  drawGizmos: 0
  children:
  - {fileID: -5572983968011773579}
  - {fileID: -1566997566403443779}
  - {fileID: 6326426443969475681}
  - {fileID: -8341609025097383605}
--- !u!114 &-5572983968011773579
MonoBehaviour:
  m_ObjectHideFlags: 0
  m_CorrespondingSourceObject: {fileID: 0}
  m_PrefabInstance: {fileID: 0}
  m_PrefabAsset: {fileID: 0}
  m_GameObject: {fileID: 0}
  m_Enabled: 1
  m_EditorHideFlags: 0
  m_Script: {fileID: 11500000, guid: b0a055ff4bd9e6642b3f0dff32a86e1d, type: 3}
  m_Name: RandomPosition
  m_EditorClassIdentifier: 
  state: 0
  started: 0
  guid: 37ba731ab53b64b439cdc624c73756bd
  position: {x: -267, y: 317}
  blackboard:
    moveToPosition: {x: 0, y: 0, z: 0}
  description: 
  drawGizmos: 0
  min: {x: -18.52, y: -27.03}
  max: {x: -21.27, y: -33.19}
--- !u!114 &-2069846718345020180
MonoBehaviour:
  m_ObjectHideFlags: 0
  m_CorrespondingSourceObject: {fileID: 0}
  m_PrefabInstance: {fileID: 0}
  m_PrefabAsset: {fileID: 0}
  m_GameObject: {fileID: 0}
  m_Enabled: 1
  m_EditorHideFlags: 0
  m_Script: {fileID: 11500000, guid: afb5496e8cd973748a10b3e3ef436ebd, type: 3}
  m_Name: Repeat
  m_EditorClassIdentifier: 
  state: 0
  started: 0
  guid: c5186f5e863bc08419d8e86a7bec2d67
  position: {x: 0, y: 98}
  blackboard:
    moveToPosition: {x: 0, y: 0, z: 0}
  description: 
  drawGizmos: 0
  child: {fileID: -7512860143812461770}
  restartOnSuccess: 1
  restartOnFailure: 1
--- !u!114 &-1566997566403443779
MonoBehaviour:
  m_ObjectHideFlags: 0
  m_CorrespondingSourceObject: {fileID: 0}
  m_PrefabInstance: {fileID: 0}
  m_PrefabAsset: {fileID: 0}
  m_GameObject: {fileID: 0}
  m_Enabled: 1
  m_EditorHideFlags: 0
  m_Script: {fileID: 11500000, guid: 1a5134d9de14153468b48928d3e7359a, type: 3}
  m_Name: Wait
  m_EditorClassIdentifier: 
  state: 0
  started: 0
  guid: cf49ffa75ac8e03458a2f90c7643db61
  position: {x: -117, y: 404}
  blackboard:
    moveToPosition: {x: 0, y: 0, z: 0}
  description: 
  drawGizmos: 0
  duration: 0.5
--- !u!114 &11400000
MonoBehaviour:
  m_ObjectHideFlags: 0
  m_CorrespondingSourceObject: {fileID: 0}
  m_PrefabInstance: {fileID: 0}
  m_PrefabAsset: {fileID: 0}
  m_GameObject: {fileID: 0}
  m_Enabled: 1
  m_EditorHideFlags: 0
  m_Script: {fileID: 11500000, guid: 2d285eb63c2cdd74180de7cfceaa96ad, type: 3}
  m_Name: Ghost2_6
  m_EditorClassIdentifier: 
  rootNode: {fileID: 1255383593753750278}
  treeState: 0
  nodes:
  - {fileID: 1255383593753750278}
  - {fileID: -2069846718345020180}
  - {fileID: -7512860143812461770}
  - {fileID: -5572983968011773579}
  - {fileID: -1566997566403443779}
  - {fileID: 6326426443969475681}
  - {fileID: -8341609025097383605}
  blackboard:
    moveToPosition: {x: 0, y: 0, z: 0}
--- !u!114 &1255383593753750278
MonoBehaviour:
  m_ObjectHideFlags: 0
  m_CorrespondingSourceObject: {fileID: 0}
  m_PrefabInstance: {fileID: 0}
  m_PrefabAsset: {fileID: 0}
  m_GameObject: {fileID: 0}
  m_Enabled: 1
  m_EditorHideFlags: 0
  m_Script: {fileID: 11500000, guid: 163c147d123e4a945b688eddc64e3ea5, type: 3}
  m_Name: RootNode
  m_EditorClassIdentifier: 
  state: 0
  started: 0
  guid: 22c8490387b64dd42b29cd7b76089ebd
  position: {x: 0, y: 0}
  blackboard:
    moveToPosition: {x: 0, y: 0, z: 0}
  description: 
  drawGizmos: 0
  child: {fileID: -2069846718345020180}
--- !u!114 &6326426443969475681
MonoBehaviour:
  m_ObjectHideFlags: 0
  m_CorrespondingSourceObject: {fileID: 0}
  m_PrefabInstance: {fileID: 0}
  m_PrefabAsset: {fileID: 0}
  m_GameObject: {fileID: 0}
  m_Enabled: 1
  m_EditorHideFlags: 0
  m_Script: {fileID: 11500000, guid: 4489e3e257543504c8fc9f891246af6c, type: 3}
  m_Name: MoveToPosition
  m_EditorClassIdentifier: 
  state: 0
  started: 0
  guid: d9efc9c10e830ed4f82898afda377a91
  position: {x: 92, y: 424}
  blackboard:
    moveToPosition: {x: 0, y: 0, z: 0}
  description: 
  drawGizmos: 0
  speed: 1
  stoppingDistance: 0.1
  updateRotation: 1
  acceleration: 40
  tolerance: 1
